@manual{hall,
  title = {Hall Effekt und Leitfähigkeit},
  author = {{Stefan Frick, Benedikt Pressl, Gregor Weihs}},
  year = {2024},
  publisher = {Institut für Experimentalphysik},
	location = {Universität Innsbruck, Innsbruck, AT}
}

@misc{odr,
	author = "{Wikipedia contributors}",
	howpublished = "\url{https://en.wikipedia.org/w/index.php?title=Total_least_squares&oldid=1099204170}",
	note = "[Online; accessed 2-May-2023]",
	title = "Total least squares — {Wikipedia}{,} The Free Encyclopedia",
}

@article{pt100,
	title = {The analog linearization of Pt100 working characteristic},
	volume = {12},
	issn = {1451-4869, 2217-7183},
	url = {https://doiserbia.nb.rs/Article.aspx?ID=1451-48691503345R},
	doi = {10.2298/SJEE1503345R},
	pages = {345--357},
	number = {3},
	journaltitle = {Serbian Journal of Electrical Engineering},
	shortjournal = {Serb J Electr Eng},
	author = {Radetic, Radojle and Pavlov-Kagadejev, Marijana and Milivojevic, Nikola},
	urldate = {2024-03-08},
	date = {2015},
	langid = {english},
	file = {Full Text:/home/taco/Zotero/storage/97EGMERV/Radetic et al. - 2015 - The analog linearization of Pt100 working characte.pdf:application/pdf},
}



@online{Halbleiterwerkstoffe,
  author = {Detlef Mietke}, 
  title = {Halbleiterwerkstoffe},
  url = {https://www.elektroniktutor.de/elektrophysik/halbltr.html},
  note  = {Online;  Abgerufen am 08. 03. 2024}
}

@online{Galliumarsenid,
  author = { Electricity - Magnetism}, 
  title = {Galliumarsenid | Halbleiter | Eigenschaften & Anwendung},
  url = {https://www.electricity-magnetism.org/de/galliumarsenid-halbleiter-eigenschaften-anwendung/#:~:text=Galliumarsenid%20(GaAs)%20ist%20ein%20Halbleitermaterial,eine%20bessere%20Widerstandsf%C3%A4higkeit%20gegen%20Strahlungssch%C3%A4den.},
  note  = {Online;  Abgerufen am 08. 03. 2024}
}

@book{sPhysikHalbleiterBautauelemnte,
  title={Physik der Halbleiterbauelemente},
  author={Sze, S.M. and Li, Y. and Ng, K.K. and Smoliner, J. and Wiley-VCH},
  isbn={9783527413898},
  url={https://application.wiley-vch.de/books/sample/3527413898_c01.pdf},
  Seite={21ff},
  year={2021},
  publisher={Wiley-VCH}
}

@online{GaAsWaverDaten,
  author = {PAM-XIAMEN}, 
  title = {PAM-XIAMEN},
  url = {https://www.powerwaywafer.com/gallium-arsenidegaas-wafer-with-high-mobility.html},
  note = {Online; Stand: 06.03.2020.  Abgerufen am 10. 3 2024.}
}